@article{box1964analysis,
	title={An analysis of transformations},
	author={Box, George EP and Cox, David R},
	journal={Journal of the Royal Statistical Society: Series B (Methodological)},
	volume={26},
	number={2},
	pages={211--243},
	year={1964},
	publisher={Wiley Online Library}
}

@article{fan2001variable,
	title={Variable selection via nonconcave penalized likelihood and its oracle properties},
	author={Fan, Jianqing and Li, Runze},
	journal={Journal of the American statistical Association},
	volume={96},
	number={456},
	pages={1348--1360},
	year={2001},
	publisher={Taylor \& Francis}
}


@article{friedman2010regularization,
	title={Regularization paths for generalized linear models via coordinate descent},
	author={Friedman, Jerome and Hastie, Trevor and Tibshirani, Rob},
	journal={Journal of statistical software},
	volume={33},
	number={1},
	pages={1},
	year={2010},
	publisher={NIH Public Access}
}

@article{fan2011nonconcave,
	title={Nonconcave penalized likelihood with NP-dimensionality},
	author={Fan, Jianqing and Lv, Jinchi},
	journal={IEEE Transactions on Information Theory},
	volume={57},
	number={8},
	pages={5467--5484},
	year={2011},
	publisher={IEEE}
}

@article{fan2014strong,
	title={Strong oracle optimality of folded concave penalized estimation},
	author={Fan, Jianqing and Xue, Lingzhou and Zou, Hui},
	journal={Annals of statistics},
	volume={42},
	number={3},
	pages={819},
	year={2014},
	publisher={NIH Public Access}
}

@article{zou2008one,
	title={One-step sparse estimates in nonconcave penalized likelihood models},
	author={Zou, Hui and Li, Runze},
	journal={Annals of statistics},
	volume={36},
	number={4},
	pages={1509},
	year={2008},
	publisher={NIH Public Access}
}

@article{dette2006simple,
	title={A simple nonparametric estimator of a strictly monotone regression function},
	author={Dette, Holger and Neumeyer, Natalie and Pilz, Kay F and others},
	journal={Bernoulli},
	volume={12},
	number={3},
	pages={469--490},
	year={2006},
	publisher={Bernoulli Society for Mathematical Statistics and Probability}
}

@article{zhang2010nearly,
	title={Nearly unbiased variable selection under minimax concave penalty},
	author={Zhang, Cun-Hui and others},
	journal={The Annals of statistics},
	volume={38},
	number={2},
	pages={894--942},
	year={2010},
	publisher={Institute of Mathematical Statistics}
}

@article{huang2012estimation,
	title={Estimation and selection via absolute penalized convex minimization and its multistage adaptive applications},
	author={Huang, Jian and Zhang, Cun-Hui},
	journal={The Journal of Machine Learning Research},
	volume={13},
	number={1},
	pages={1839--1864},
	year={2012},
	publisher={JMLR. org}
}

@article{yang2013efficient,
	title={An efficient algorithm for computing the HHSVM and its generalizations},
	author={Yang, Yi and Zou, Hui},
	journal={Journal of Computational and Graphical Statistics},
	volume={22},
	number={2},
	pages={396--415},
	year={2013},
	publisher={Taylor \& Francis}
}

@article{zou2005regularization,
	title={Regularization and variable selection via the elastic net},
	author={Zou, Hui and Hastie, Trevor},
	journal={Journal of the royal statistical society: series B (statistical methodology)},
	volume={67},
	number={2},
	pages={301--320},
	year={2005},
	publisher={Wiley Online Library}
}

@article{zou2006adaptive,
  title={The adaptive lasso and its oracle properties},
  author={Zou, Hui},
  journal={Journal of the American statistical association},
  volume={101},
  number={476},
  pages={1418--1429},
  year={2006},
  publisher={Taylor \& Francis}
}

@article{wang2008hybrid,
  title={Hybrid huberized support vector machines for microarray classification and gene selection},
  author={Wang, Li and Zhu, Ji and Zou, Hui},
  journal={Bioinformatics},
  volume={24},
  number={3},
  pages={412--419},
  year={2008},
  publisher={Oxford University Press}
}

@article{chen2001atomic,
  title={Atomic decomposition by basis pursuit},
  author={Chen, Scott Shaobing and Donoho, David L and Saunders, Michael A},
  journal={SIAM review},
  volume={43},
  number={1},
  pages={129--159},
  year={2001},
  publisher={SIAM}
}

@article{candes2005decoding,
  title={Decoding by linear programming},
  author={Candes, Emmanuel J and Tao, Terence},
  journal={IEEE transactions on information theory},
  volume={51},
  number={12},
  pages={4203--4215},
  year={2005},
  publisher={IEEE}
}

@article{tibshirani1996regression,
  title={Regression shrinkage and selection via the lasso},
  author={Tibshirani, Robert},
  journal={Journal of the Royal Statistical Society: Series B (Methodological)},
  volume={58},
  number={1},
  pages={267--288},
  year={1996},
  publisher={Wiley Online Library}
}

@article{bickel2009simultaneous,
  title={Simultaneous analysis of Lasso and Dantzig selector},
  author={Bickel, Peter J and Ritov, Yaâ€™acov and Tsybakov, Alexandre B and others},
  journal={The Annals of statistics},
  volume={37},
  number={4},
  pages={1705--1732},
  year={2009},
  publisher={Institute of Mathematical Statistics}
}

@book{wainwright2019high,
  title={High-dimensional statistics: A non-asymptotic viewpoint},
  author={Wainwright, Martin J},
  volume={48},
  year={2019},
  publisher={Cambridge University Press}
}

@article{bunea2007sparsity,
  title={Sparsity oracle inequalities for the Lasso},
  author={Bunea, Florentina and Tsybakov, Alexandre and Wegkamp, Marten and others},
  journal={Electronic journal of statistics},
  volume={1},
  pages={169--194},
  year={2007},
  publisher={The Institute of Mathematical Statistics and the Bernoulli Society}
}

@article{bunea2007sparsity,
  title={Sparsity oracle inequalities for the Lasso},
  author={Bunea, Florentina and Tsybakov, Alexandre and Wegkamp, Marten and others},
  journal={Electronic journal of statistics},
  volume={1},
  pages={169--194},
  year={2007},
  publisher={The Institute of Mathematical Statistics and the Bernoulli Society}
}

@article{candes2007dantzig,
  title={The Dantzig selector: Statistical estimation when p is much larger than n},
  author={Candes, Emmanuel and Tao, Terence and others},
  journal={Annals of statistics},
  volume={35},
  number={6},
  pages={2313--2351},
  year={2007},
  publisher={Institute of Mathematical Statistics}
}

@article{najjar2018crime,
  title={Crime mapping from satellite imagery via deep learning},
  author={Najjar, Alameen and Kaneko, Shun'ichi and Miyanaga, Yoshikazu},
  journal={arXiv preprint arXiv:1812.06764},
  year={2018}
}

@article{stalidis2021examining,
  title={Examining deep learning architectures for crime classification and prediction},
  author={Stalidis, Panagiotis and Semertzidis, Theodoros and Daras, Petros},
  journal={Forecasting},
  volume={3},
  number={4},
  pages={741--762},
  year={2021},
  publisher={Multidisciplinary Digital Publishing Institute}
}

@article{lin2018grid,
  title={Grid-based crime prediction using geographical features},
  author={Lin, Ying-Lung and Yen, Meng-Feng and Yu, Liang-Chih},
  journal={ISPRS International Journal of Geo-Information},
  volume={7},
  number={8},
  pages={298},
  year={2018},
  publisher={Multidisciplinary Digital Publishing Institute}
}


@article{simonyan2014very,
  title={Very deep convolutional networks for large-scale image recognition},
  author={Simonyan, Karen and Zisserman, Andrew},
  journal={arXiv preprint arXiv:1409.1556},
  year={2014}
}

@article{hochreiter1997long,
  title={Long short-term memory},
  author={Hochreiter, Sepp and Schmidhuber, J{\"u}rgen},
  journal={Neural computation},
  volume={9},
  number={8},
  pages={1735--1780},
  year={1997},
  publisher={MIT Press}
}

@article{krizhevsky2012imagenet,
  title={Imagenet classification with deep convolutional neural networks},
  author={Krizhevsky, Alex and Sutskever, Ilya and Hinton, Geoffrey E},
  journal={Advances in neural information processing systems},
  volume={25},
  year={2012}
}

@article{gstrein2019ethical,
  title={Ethical, legal and social challenges of Predictive Policing},
  author={Gstrein, Oskar Josef and Bunnik, Anno and Zwitter, Andrej},
  journal={Cat{\'o}lica Law Review, Direito Penal},
  volume={3},
  number={3},
  pages={77--98},
  year={2019}
}